@Manual{R-base,
  title = {R: A Language and Environment for Statistical Computing},
  author = {{R Core Team}},
  organization = {R Foundation for Statistical Computing},
  address = {Vienna, Austria},
  year = {2019},
  url = {https://www.R-project.org/},
}

@Manual{,  title = {pinp: 'pinp' is not 'PNAS'},  author = {Dirk Eddelbuettel and James Balamuta},  year = {2020},  note = {R package version 0.0.10},  url = {https://CRAN.R-project.org/package=pinp},}

@Manual{R-caret,
  title = {caret: Classification and Regression Training},
  author = {Max Kuhn},
  year = {2020},
  note = {R package version 6.0-86},
  url = {https://github.com/topepo/caret/},
}

@Manual{R-equatiomatic,
  title = {equatiomatic: Transform Models into LaTeX Equations},
  author = {Daniel Anderson and Andrew Heiss},
  year = {2020},
  note = {R package version 0.1.0},
  url = {https://github.com/datalorax/equatiomatic},
}

@Manual{R-GGally,
  title = {GGally: Extension to ggplot2},
  author = {Barret Schloerke and Di Cook and Joseph Larmarange and Francois Briatte and Moritz Marbach and Edwin Thoen and Amos Elberg and Jason Crowley},
  year = {2020},
  note = {R package version 2.0.0},
  url = {https://CRAN.R-project.org/package=GGally},
}

@Manual{R-mplot,
  title = {mplot: Graphical Model Stability and Variable Selection Procedures},
  author = {Garth Tarr and Samuel Mueller and Alan H Welsh},
  year = {2020},
  note = {R package version 1.0.4},
  url = {https://CRAN.R-project.org/package=mplot},
}

@Manual{R-stargazer,
  title = {stargazer: Well-Formatted Regression and Summary Statistics Tables},
  author = {Marek Hlavac},
  year = {2018},
  note = {R package version 5.2.2},
  url = {https://CRAN.R-project.org/package=stargazer},
}

@Manual{R-tidyverse,
  title = {tidyverse: Easily Install and Load the Tidyverse},
  author = {Hadley Wickham},
  year = {2019},
  note = {R package version 1.3.0},
  url = {https://CRAN.R-project.org/package=tidyverse},
}

@Article{mplot2018,
  title = {{mplot}: An {R} Package for Graphical Model Stability and Variable Selection Procedures},
  author = {Garth Tarr and Samuel M{\"u}ller and Alan H. Welsh},
  journal = {Journal of Statistical Software},
  year = {2018},
  volume = {83},
  number = {9},
  pages = {1--28},
  doi = {10.18637/jss.v083.i09},
}

@Article{tidyverse2019,
  title = {Welcome to the {tidyverse}},
  author = {Hadley Wickham and Mara Averick and Jennifer Bryan and Winston Chang and Lucy D'Agostino McGowan and Romain François and Garrett Grolemund and Alex Hayes and Lionel Henry and Jim Hester and Max Kuhn and Thomas Lin Pedersen and Evan Miller and Stephan Milton Bache and Kirill Müller and Jeroen Ooms and David Robinson and Dana Paige Seidel and Vitalie Spinu and Kohske Takahashi and Davis Vaughan and Claus Wilke and Kara Woo and Hiroaki Yutani},
  year = {2019},
  journal = {Journal of Open Source Software},
  volume = {4},
  number = {43},
  pages = {1686},
  doi = {10.21105/joss.01686},
}

@inproceedings{cortezsilva08,
  title = {Using Data Mining to Predict Secondary School Student Performance},
  author = {Paulo Cortez and Alice Silva},
  booktitle = {Proceedings of 5th FUture BUsiness TEchnology Conference},
  year = {2008},
  month = {April},
  pages = {5--12},
  publisher={EUROSIS},
}

@misc{uci,
  title        = {Student Performance Dataset},
  author       = {{UCI Machine Learning Repository}},
  howpublished = {\url{https://archive.ics.uci.edu/ml/datasets/student+performance}},
  year         = {2014},
  note         = {Accessed: 20 November 2020},
}
